@article{Nigam98, 
  author = "Kamal Nigam and Andrew McCallum and Sebastian Thrun and Tom Mitchell", 
  title = "Learning to Classify Text from Labeled and Unlabeled Documents",
  journal =  "Proceedings of the Fifteenth National Conference on Artificial Intelligence",
  year = "1998"  }

@article{Castelli95, 
 author = "Castelli, V. and Cover, T.",
 title = "On the exponential value of labeled samples",
 journal = "Pattern Recognition Letters 16:105-111",
 year = "1995" }

@article{Ghahramani06, 
 author = "Zoubin Ghahramani and Katherine A. Heller",
 title =  "Bayesian sets",
 journal = "Advances in Neural Information Processing Systems 18",
 year = "2006" }

@article{Liu02, 
 author = "Bing Liu and Wee Sun Lee and Philip S Yu and Xiao-Li Li",
 title =  "Partially Supervised Classification of Text Documents",
 journal = "Proceedings of the Nineteenth International Conference on Machine Learning",
 year = "2002" }

@article{Li03, 
 author = "Xiao-Li Li and Bing Liu",
 title =  "Learning to classify text using positive and unlabeled data",
 journal = "Proceedings of Eighteenth International Joint Conference on Artificial Intelligence",
 year = "2003" }

@article{Li10, 
 author = "Xiao-Li Li and Bing Liu and Lei Zhang and See-Kiong Ng",
 title =  "Distributional similarity vs. PU learning for entity set expansion",
 journal = "Proceedings of the ACL 2010 Conference Short Papers",
 year = "2010" }

@article{Zhang11, 
 author = "Lei Zhang and Bing Liu",
 title =  "Entity Set Expansion in Opinion Documents",
 journal = "Proceedings of the 22nd ACM conference on Hypertext ",
 year = "2011" }


@article{Li210, 
 author = "Xiao-Li Li and Bing Liu and See-Kiong Ng",
 title =  "Negative Training Data can be Harmful to Text Classification",
 journal = "Proceedings of the 2010 Conference on Empirical Methods in Natural Language Processing",
 year = "2010" }


@book{Bishop06,
    author    = "Christopher M. Bishop",
    title     = "Pattern Recognition and Machine Learning",
    year      = "2006",
    publisher = "Springer-Verlag",
    address   = "New York, NY, USA"
}

@book{Chapelle06,
author = "Olivier Chapelle and Bernhard Schölkopf and Alexander Zien",
title = "Semi-Supervised Learning",
year = "2006", 
publisher = "MIT Press", 
address = "Cambridge, MA, USA"
}

@article{Letham13, 
 author = "Benjamin Letham and Katherine Heller and Cynthia Rudin",
 title = "Growing a List",
 journal = "Submitted to ICML",
 year = "2013"
}

@article{Bridge13, 
 author = "James P. Bridge, Sean B. Holden and Lawrence C. Paulson",
 title = "Machine learning for first-order theorem proving: learning to select a good heuristic",
 journal = " Submitted to Journal of Automated Reasoning",
 year = "2013"
}


@article{Davis92, 
 author = "Alan M. Davis",
 title = "Operational Prototyping: A New Development Approach",
 journal = "IEEE Software, Volume 9 Issue 5, September 1992",
 year = "1992"
}


@article{Vapnik95, 
 author = " Vladimir Vapnik and Corinna Cortes",
 title = "Support-Vector Networks",
 journal = "Machine Learning, 20",
 year = "1995"
}


@article{Valiant84, 
 author = " Leslie Valiant",
 title = "A theory of the learnable",
 journal = "Machine Learning, 20",
 year = "1984"
}

@article{Vapnik71, 
 author = " V. Vapnik and A. Chervonenkis.",
 title = "On the uniform convergence of relative frequencies of events to their probabilities.",
 journal = "Theory of Probability and its Applications, 16",
 year = "1971"
}

@article{duvenaud13, 
 author = "David Duvenaud, James Robert Lloyd, Roger Grosse, Joshua B. Tenenbaum, and Zoubin Ghahramani",
 title = "Structure discovery in nonparametric regression through compositional kernel search",
 journal = "30th International Conference on Machine Learning, Atlanta, Georgia, USA",
 year = "June 2013"
}

